@ARTICLE{2011ApJS..192...18K,
       author = {{Komatsu}, E. and {Smith}, K.~M. and {Dunkley}, J. and {Bennett}, C.~L. and
         {Gold}, B. and {Hinshaw}, G. and {Jarosik}, N. and {Larson}, D. and
         {Nolta}, M.~R. and {Page}, L. and {Spergel}, D.~N. and {Halpern}, M. and
         {Hill}, R.~S. and {Kogut}, A. and {Limon}, M. and {Meyer}, S.~S. and
         {Odegard}, N. and {Tucker}, G.~S. and {Weiland}, J.~L. and
         {Wollack}, E. and {Wright}, E.~L.},
        title = "{Seven-year Wilkinson Microwave Anisotropy Probe (WMAP) Observations: Cosmological Interpretation}",
      journal = {\apjs},
     keywords = {cosmic background radiation, cosmology: observations, dark matter, early universe, space vehicles, Astrophysics - Cosmology and Extragalactic Astrophysics},
         year = 2011,
        month = feb,
       volume = {192},
       number = {2},
          eid = {18},
        pages = {18},
          doi = {10.1088/0067-0049/192/2/18},
archivePrefix = {arXiv},
       eprint = {1001.4538},
 primaryClass = {astro-ph.CO},
       adsurl = {https://ui.adsabs.harvard.edu/abs/2011ApJS..192...18K},
      adsnote = {Provided by the SAO/NASA Astrophysics Data System}
}

@ARTICLE{2009MNRAS.399..574W,
       author = {{Wiersma}, Robert P.~C. and {Schaye}, Joop and {Theuns}, Tom and
         {Dalla Vecchia}, Claudio and {Tornatore}, Luca},
        title = "{Chemical enrichment in cosmological, smoothed particle hydrodynamics simulations}",
      journal = {\mnras},
     keywords = {methods: numerical, galaxies: abundances, galaxies: formation, intergalactic medium, cosmology: theory, Astrophysics - Cosmology and Extragalactic Astrophysics},
         year = 2009,
        month = oct,
       volume = {399},
       number = {2},
        pages = {574-600},
          doi = {10.1111/j.1365-2966.2009.15331.x},
archivePrefix = {arXiv},
       eprint = {0902.1535},
 primaryClass = {astro-ph.CO},
       adsurl = {https://ui.adsabs.harvard.edu/abs/2009MNRAS.399..574W},
      adsnote = {Provided by the SAO/NASA Astrophysics Data System}
}

@ARTICLE{2009MNRAS.393...99W,
       author = {{Wiersma}, Robert P.~C. and {Schaye}, Joop and {Smith}, Britton D.},
        title = "{The effect of photoionization on the cooling rates of enriched, astrophysical plasmas}",
      journal = {\mnras},
     keywords = {atomic processes, plasmas, cooling flows, galaxies: formation, intergalactic medium, Astrophysics},
         year = 2009,
        month = feb,
       volume = {393},
       number = {1},
        pages = {99-107},
          doi = {10.1111/j.1365-2966.2008.14191.x},
archivePrefix = {arXiv},
       eprint = {0807.3748},
 primaryClass = {astro-ph},
       adsurl = {https://ui.adsabs.harvard.edu/abs/2009MNRAS.393...99W},
      adsnote = {Provided by the SAO/NASA Astrophysics Data System}
}

@ARTICLE{2013MNRAS.428.2840H,
       author = {{Hopkins}, Philip F.},
        title = "{A general class of Lagrangian smoothed particle hydrodynamics methods and implications for fluid mixing problems}",
      journal = {\mnras},
     keywords = {hydrodynamics, instabilities, turbulence, methods: numerical, cosmology: theory, Astrophysics - Instrumentation and Methods for Astrophysics, Astrophysics - Cosmology and Nongalactic Astrophysics, Physics - Computational Physics, Physics - Fluid Dynamics},
         year = 2013,
        month = feb,
       volume = {428},
       number = {4},
        pages = {2840-2856},
          doi = {10.1093/mnras/sts210},
archivePrefix = {arXiv},
       eprint = {1206.5006},
 primaryClass = {astro-ph.IM},
       adsurl = {https://ui.adsabs.harvard.edu/abs/2013MNRAS.428.2840H},
      adsnote = {Provided by the SAO/NASA Astrophysics Data System}
}

@ARTICLE{wendland1995,
author = {{Wendland}, H.},
title = {Piecewise polynomial, positive def-
inite and compactly supported radial functions of mini-
mal degree},
journal = {Advances in Computational Mathematics},
year = 1995,
volume = 4,
pages = {389-396},
doi = {10.1007/BF02123482}
}

@ARTICLE{2015MNRAS.446..521S,
       author = {{Schaye}, Joop and {Crain}, Robert A. and {Bower}, Richard G. and
         {Furlong}, Michelle and {Schaller}, Matthieu and {Theuns}, Tom and
         {Dalla Vecchia}, Claudio and {Frenk}, Carlos S. and {McCarthy}, I.~G. and
         {Helly}, John C. and {Jenkins}, Adrian and {Rosas-Guevara}, Y.~M. and
         {White}, Simon D.~M. and {Baes}, Maarten and {Booth}, C.~M. and
         {Camps}, Peter and {Navarro}, Julio F. and {Qu}, Yan and
         {Rahmati}, Alireza and {Sawala}, Till and {Thomas}, Peter A. and
         {Trayford}, James},
        title = "{The EAGLE project: simulating the evolution and assembly of galaxies and their environments}",
      journal = {\mnras},
     keywords = {methods: numerical, galaxies: evolution, galaxies: formation, cosmology: theory, Astrophysics - Astrophysics of Galaxies, Astrophysics - Cosmology and Nongalactic Astrophysics},
         year = 2015,
        month = jan,
       volume = {446},
       number = {1},
        pages = {521-554},
          doi = {10.1093/mnras/stu2058},
archivePrefix = {arXiv},
       eprint = {1407.7040},
 primaryClass = {astro-ph.GA},
       adsurl = {https://ui.adsabs.harvard.edu/abs/2015MNRAS.446..521S},
      adsnote = {Provided by the SAO/NASA Astrophysics Data System}
}

@ARTICLE{2016A&C....15...72M,
       author = {{McAlpine}, S. and {Helly}, J.~C. and {Schaller}, M. and
         {Trayford}, J.~W. and {Qu}, Y. and {Furlong}, M. and {Bower}, R.~G. and
         {Crain}, R.~A. and {Schaye}, J. and {Theuns}, T. and
         {Dalla Vecchia}, C. and {Frenk}, C.~S. and {McCarthy}, I.~G. and
         {Jenkins}, A. and {Rosas-Guevara}, Y. and {White}, S.~D.~M. and
         {Baes}, M. and {Camps}, P. and {Lemson}, G.},
        title = "{The EAGLE simulations of galaxy formation: Public release of halo and galaxy catalogues}",
      journal = {Astronomy and Computing},
     keywords = {Cosmology: theory, Galaxies: formation, Galaxies: evolution, Method: numerical, Astrophysics - Astrophysics of Galaxies, Astrophysics - Cosmology and Nongalactic Astrophysics},
         year = 2016,
        month = apr,
       volume = {15},
        pages = {72-89},
          doi = {10.1016/j.ascom.2016.02.004},
archivePrefix = {arXiv},
       eprint = {1510.01320},
 primaryClass = {astro-ph.GA},
       adsurl = {https://ui.adsabs.harvard.edu/abs/2016A&C....15...72M},
      adsnote = {Provided by the SAO/NASA Astrophysics Data System}
}

@ARTICLE{2014A&A...571A..16P,
       author = {{Planck Collaboration} and {Ade}, P.~A.~R. and {Aghanim}, N. and
         {Armitage-Caplan}, C. and {Arnaud}, M. and {Ashdown}, M. and {Atrio-Barand
        ela}, F. and {Aumont}, J. and {Baccigalupi}, C. and {Banday}, A.~J. and
         {Barreiro}, R.~B. and {Bartlett}, J.~G. and {Battaner}, E. and
         {Benabed}, K. and {Beno{\^\i}t}, A. and {Benoit-L{\'e}vy}, A. and
         {Bernard}, J. -P. and {Bersanelli}, M. and {Bielewicz}, P. and
         {Bobin}, J. and {Bock}, J.~J. and {Bonaldi}, A. and {Bond}, J.~R. and
         {Borrill}, J. and {Bouchet}, F.~R. and {Bridges}, M. and {Bucher}, M. and
         {Burigana}, C. and {Butler}, R.~C. and {Calabrese}, E. and
         {Cappellini}, B. and {Cardoso}, J. -F. and {Catalano}, A. and
         {Challinor}, A. and {Chamballu}, A. and {Chary}, R. -R. and {Chen}, X. and
         {Chiang}, H.~C. and {Chiang}, L. -Y. and {Christensen}, P.~R. and
         {Church}, S. and {Clements}, D.~L. and {Colombi}, S. and
         {Colombo}, L.~P.~L. and {Couchot}, F. and {Coulais}, A. and
         {Crill}, B.~P. and {Curto}, A. and {Cuttaia}, F. and {Danese}, L. and
         {Davies}, R.~D. and {Davis}, R.~J. and {de Bernardis}, P. and
         {de Rosa}, A. and {de Zotti}, G. and {Delabrouille}, J. and
         {Delouis}, J. -M. and {D{\'e}sert}, F. -X. and {Dickinson}, C. and
         {Diego}, J.~M. and {Dolag}, K. and {Dole}, H. and {Donzelli}, S. and
         {Dor{\'e}}, O. and {Douspis}, M. and {Dunkley}, J. and {Dupac}, X. and
         {Efstathiou}, G. and {Elsner}, F. and {En{\ss}lin}, T.~A. and
         {Eriksen}, H.~K. and {Finelli}, F. and {Forni}, O. and {Frailis}, M. and
         {Fraisse}, A.~A. and {Franceschi}, E. and {Gaier}, T.~C. and
         {Galeotta}, S. and {Galli}, S. and {Ganga}, K. and {Giard}, M. and
         {Giardino}, G. and {Giraud-H{\'e}raud}, Y. and {Gjerl{\o}w}, E. and
         {Gonz{\'a}lez-Nuevo}, J. and {G{\'o}rski}, K.~M. and {Gratton}, S. and
         {Gregorio}, A. and {Gruppuso}, A. and {Gudmundsson}, J.~E. and
         {Haissinski}, J. and {Hamann}, J. and {Hansen}, F.~K. and {Hanson}, D. and
         {Harrison}, D. and {Henrot-Versill{\'e}}, S. and
         {Hern{\'a}ndez-Monteagudo}, C. and {Herranz}, D. and {Hildebrand
        t}, S.~R. and {Hivon}, E. and {Hobson}, M. and {Holmes}, W.~A. and
         {Hornstrup}, A. and {Hou}, Z. and {Hovest}, W. and
         {Huffenberger}, K.~M. and {Jaffe}, A.~H. and {Jaffe}, T.~R. and
         {Jewell}, J. and {Jones}, W.~C. and {Juvela}, M. and
         {Keih{\"a}nen}, E. and {Keskitalo}, R. and {Kisner}, T.~S. and
         {Kneissl}, R. and {Knoche}, J. and {Knox}, L. and {Kunz}, M. and
         {Kurki-Suonio}, H. and {Lagache}, G. and {L{\"a}hteenm{\"a}ki}, A. and
         {Lamarre}, J. -M. and {Lasenby}, A. and {Lattanzi}, M. and
         {Laureijs}, R.~J. and {Lawrence}, C.~R. and {Leach}, S. and
         {Leahy}, J.~P. and {Leonardi}, R. and {Le{\'o}n-Tavares}, J. and
         {Lesgourgues}, J. and {Lewis}, A. and {Liguori}, M. and {Lilje}, P.~B. and
         {Linden-V{\o}rnle}, M. and {L{\'o}pez-Caniego}, M. and {Lubin}, P.~M. and
         {Mac{\'\i}as-P{\'e}rez}, J.~F. and {Maffei}, B. and {Maino}, D. and {Mand
        olesi}, N. and {Maris}, M. and {Marshall}, D.~J. and {Martin}, P.~G. and
         {Mart{\'\i}nez-Gonz{\'a}lez}, E. and {Masi}, S. and {Massardi}, M. and
         {Matarrese}, S. and {Matthai}, F. and {Mazzotta}, P. and
         {Meinhold}, P.~R. and {Melchiorri}, A. and {Melin}, J. -B. and
         {Mendes}, L. and {Menegoni}, E. and {Mennella}, A. and
         {Migliaccio}, M. and {Millea}, M. and {Mitra}, S. and
         {Miville-Desch{\^e}nes}, M. -A. and {Moneti}, A. and {Montier}, L. and
         {Morgante}, G. and {Mortlock}, D. and {Moss}, A. and {Munshi}, D. and
         {Murphy}, J.~A. and {Naselsky}, P. and {Nati}, F. and {Natoli}, P. and
         {Netterfield}, C.~B. and {N{\o}rgaard-Nielsen}, H.~U. and
         {Noviello}, F. and {Novikov}, D. and {Novikov}, I. and
         {O'Dwyer}, I.~J. and {Osborne}, S. and {Oxborrow}, C.~A. and
         {Paci}, F. and {Pagano}, L. and {Pajot}, F. and {Paladini}, R. and
         {Paoletti}, D. and {Partridge}, B. and {Pasian}, F. and
         {Patanchon}, G. and {Pearson}, D. and {Pearson}, T.~J. and
         {Peiris}, H.~V. and {Perdereau}, O. and {Perotto}, L. and
         {Perrotta}, F. and {Pettorino}, V. and {Piacentini}, F. and {Piat}, M. and
         {Pierpaoli}, E. and {Pietrobon}, D. and {Plaszczynski}, S. and
         {Platania}, P. and {Pointecouteau}, E. and {Polenta}, G. and
         {Ponthieu}, N. and {Popa}, L. and {Poutanen}, T. and {Pratt}, G.~W. and
         {Pr{\'e}zeau}, G. and {Prunet}, S. and {Puget}, J. -L. and
         {Rachen}, J.~P. and {Reach}, W.~T. and {Rebolo}, R. and {Reinecke}, M. and
         {Remazeilles}, M. and {Renault}, C. and {Ricciardi}, S. and
         {Riller}, T. and {Ristorcelli}, I. and {Rocha}, G. and {Rosset}, C. and
         {Roudier}, G. and {Rowan-Robinson}, M. and
         {Rubi{\~n}o-Mart{\'\i}n}, J.~A. and {Rusholme}, B. and {Sandri}, M. and
         {Santos}, D. and {Savelainen}, M. and {Savini}, G. and {Scott}, D. and
         {Seiffert}, M.~D. and {Shellard}, E.~P.~S. and {Spencer}, L.~D. and
         {Starck}, J. -L. and {Stolyarov}, V. and {Stompor}, R. and
         {Sudiwala}, R. and {Sunyaev}, R. and {Sureau}, F. and {Sutton}, D. and
         {Suur-Uski}, A. -S. and {Sygnet}, J. -F. and {Tauber}, J.~A. and
         {Tavagnacco}, D. and {Terenzi}, L. and {Toffolatti}, L. and
         {Tomasi}, M. and {Tristram}, M. and {Tucci}, M. and {Tuovinen}, J. and
         {T{\"u}rler}, M. and {Umana}, G. and {Valenziano}, L. and
         {Valiviita}, J. and {Van Tent}, B. and {Vielva}, P. and {Villa}, F. and
         {Vittorio}, N. and {Wade}, L.~A. and {Wandelt}, B.~D. and
         {Wehus}, I.~K. and {White}, M. and {White}, S.~D.~M. and
         {Wilkinson}, A. and {Yvon}, D. and {Zacchei}, A. and {Zonca}, A.},
        title = "{Planck 2013 results. XVI. Cosmological parameters}",
      journal = {\aap},
     keywords = {cosmic background radiation, cosmological parameters, early Universe, inflation, primordial nucleosynthesis, Astrophysics - Cosmology and Nongalactic Astrophysics},
         year = 2014,
        month = nov,
       volume = {571},
          eid = {A16},
        pages = {A16},
          doi = {10.1051/0004-6361/201321591},
archivePrefix = {arXiv},
       eprint = {1303.5076},
 primaryClass = {astro-ph.CO},
       adsurl = {https://ui.adsabs.harvard.edu/abs/2014A&A...571A..16P},
      adsnote = {Provided by the SAO/NASA Astrophysics Data System}
}


@ARTICLE{2008MNRAS.383.1210S,
       author = {{Schaye}, Joop and {Dalla Vecchia}, Claudio},
        title = "{On the relation between the Schmidt and Kennicutt-Schmidt star formation laws and its implications for numerical simulations}",
      journal = {\mnras},
     keywords = {stars: formation, galaxies: evolution, galaxies: formation, galaxies: ISM, Astrophysics},
         year = 2008,
        month = jan,
       volume = {383},
       number = {3},
        pages = {1210-1222},
          doi = {10.1111/j.1365-2966.2007.12639.x},
archivePrefix = {arXiv},
       eprint = {0709.0292},
 primaryClass = {astro-ph},
       adsurl = {https://ui.adsabs.harvard.edu/abs/2008MNRAS.383.1210S},
      adsnote = {Provided by the SAO/NASA Astrophysics Data System}
}

@ARTICLE{2004ApJ...609..667S,
       author = {{Schaye}, Joop},
        title = "{Star Formation Thresholds and Galaxy Edges: Why and Where}",
      journal = {\apj},
     keywords = {Galaxies: Evolution, Galaxies: Formation, Galaxies: ISM, ISM: Clouds, Stars: Formation, Astrophysics},
         year = 2004,
        month = jul,
       volume = {609},
       number = {2},
        pages = {667-682},
          doi = {10.1086/421232},
archivePrefix = {arXiv},
       eprint = {astro-ph/0205125},
 primaryClass = {astro-ph},
       adsurl = {https://ui.adsabs.harvard.edu/abs/2004ApJ...609..667S},
      adsnote = {Provided by the SAO/NASA Astrophysics Data System}
}

@ARTICLE{2012MNRAS.426..140D,
       author = {{Dalla Vecchia}, Claudio and {Schaye}, Joop},
        title = "{Simulating galactic outflows with thermal supernova feedback}",
      journal = {\mnras},
     keywords = {methods: numerical, ISM: bubbles, ISM: jets and outflows, galaxies: evolution, galaxies: formation, galaxies: ISM, Astrophysics - Astrophysics of Galaxies, Astrophysics - Cosmology and Nongalactic Astrophysics},
         year = 2012,
        month = oct,
       volume = {426},
       number = {1},
        pages = {140-158},
          doi = {10.1111/j.1365-2966.2012.21704.x},
archivePrefix = {arXiv},
       eprint = {1203.5667},
 primaryClass = {astro-ph.GA},
       adsurl = {https://ui.adsabs.harvard.edu/abs/2012MNRAS.426..140D},
      adsnote = {Provided by the SAO/NASA Astrophysics Data System}
}

@ARTICLE{2005MNRAS.361..776S,
       author = {{Springel}, Volker and {Di Matteo}, Tiziana and {Hernquist}, Lars},
        title = "{Modelling feedback from stars and black holes in galaxy mergers}",
      journal = {\mnras},
     keywords = {methods: numerical, galaxies: active, galaxies: interactions, galaxies: starburst, galaxies: structure, Astrophysics},
         year = 2005,
        month = aug,
       volume = {361},
       number = {3},
        pages = {776-794},
          doi = {10.1111/j.1365-2966.2005.09238.x},
archivePrefix = {arXiv},
       eprint = {astro-ph/0411108},
 primaryClass = {astro-ph},
       adsurl = {https://ui.adsabs.harvard.edu/abs/2005MNRAS.361..776S},
      adsnote = {Provided by the SAO/NASA Astrophysics Data System}
}

@ARTICLE{2005MNRAS.364.1105S,
       author = {{Springel}, Volker},
        title = "{The cosmological simulation code GADGET-2}",
      journal = {\mnras},
     keywords = {methods: numerical, galaxies: interactions, dark matter, Astrophysics},
         year = 2005,
        month = dec,
       volume = {364},
       number = {4},
        pages = {1105-1134},
          doi = {10.1111/j.1365-2966.2005.09655.x},
archivePrefix = {arXiv},
       eprint = {astro-ph/0505010},
 primaryClass = {astro-ph},
       adsurl = {https://ui.adsabs.harvard.edu/abs/2005MNRAS.364.1105S},
      adsnote = {Provided by the SAO/NASA Astrophysics Data System}
}

@ARTICLE{2015MNRAS.450.1937C,
       author = {{Crain}, Robert A. and {Schaye}, Joop and {Bower}, Richard G. and
         {Furlong}, Michelle and {Schaller}, Matthieu and {Theuns}, Tom and
         {Dalla Vecchia}, Claudio and {Frenk}, Carlos S. and {McCarthy}, Ian G. and
         {Helly}, John C. and {Jenkins}, Adrian and {Rosas-Guevara}, Yetli M. and
         {White}, Simon D.~M. and {Trayford}, James W.},
        title = "{The EAGLE simulations of galaxy formation: calibration of subgrid physics and model variations}",
      journal = {\mnras},
     keywords = {galaxies: evolution, galaxies: formation, galaxies: haloes, cosmology: theory, Astrophysics - Astrophysics of Galaxies},
         year = 2015,
        month = jun,
       volume = {450},
       number = {2},
        pages = {1937-1961},
          doi = {10.1093/mnras/stv725},
archivePrefix = {arXiv},
       eprint = {1501.01311},
 primaryClass = {astro-ph.GA},
       adsurl = {https://ui.adsabs.harvard.edu/abs/2015MNRAS.450.1937C},
      adsnote = {Provided by the SAO/NASA Astrophysics Data System}
}

@ARTICLE{2017arXiv170609899T,
       author = {{The EAGLE team}},
        title = "{The EAGLE simulations of galaxy formation: Public release of particle data}",
      journal = {arXiv e-prints},
     keywords = {Astrophysics - Astrophysics of Galaxies},
         year = 2017,
        month = jun,
          eid = {arXiv:1706.09899},
        pages = {arXiv:1706.09899},
archivePrefix = {arXiv},
       eprint = {1706.09899},
 primaryClass = {astro-ph.GA},
       adsurl = {https://ui.adsabs.harvard.edu/abs/2017arXiv170609899T},
      adsnote = {Provided by the SAO/NASA Astrophysics Data System}
}

@ARTICLE{2016MNRAS.457.1931S,
       author = {{Sawala}, Till and {Frenk}, Carlos S. and {Fattahi}, Azadeh and
         {Navarro}, Julio F. and {Bower}, Richard G. and {Crain}, Robert A. and
         {Dalla Vecchia}, Claudio and {Furlong}, Michelle and {Helly}, John. C. and
         {Jenkins}, Adrian and {Oman}, Kyle A. and {Schaller}, Matthieu and
         {Schaye}, Joop and {Theuns}, Tom and {Trayford}, James and
         {White}, Simon D.~M.},
        title = "{The APOSTLE simulations: solutions to the Local Group's cosmic puzzles}",
      journal = {\mnras},
     keywords = {galaxies: evolution, galaxies: formation, cosmology: theory, Astrophysics - Astrophysics of Galaxies, Astrophysics - Cosmology and Nongalactic Astrophysics},
         year = 2016,
        month = apr,
       volume = {457},
       number = {2},
        pages = {1931-1943},
          doi = {10.1093/mnras/stw145},
archivePrefix = {arXiv},
       eprint = {1511.01098},
 primaryClass = {astro-ph.GA},
       adsurl = {https://ui.adsabs.harvard.edu/abs/2016MNRAS.457.1931S},
      adsnote = {Provided by the SAO/NASA Astrophysics Data System}
}

@ARTICLE{2016MNRAS.457..844F,
       author = {{Fattahi}, Azadeh and {Navarro}, Julio F. and {Sawala}, Till and
         {Frenk}, Carlos S. and {Oman}, Kyle A. and {Crain}, Robert A. and
         {Furlong}, Michelle and {Schaller}, Matthieu and {Schaye}, Joop and
         {Theuns}, Tom and {Jenkins}, Adrian},
        title = "{The APOSTLE project: Local Group kinematic mass constraints and simulation candidate selection}",
      journal = {\mnras},
     keywords = {methods: numerical, galaxies: dwarf, galaxies: haloes, Local Group, dark matter, Astrophysics - Astrophysics of Galaxies},
         year = 2016,
        month = mar,
       volume = {457},
       number = {1},
        pages = {844-856},
          doi = {10.1093/mnras/stv2970},
archivePrefix = {arXiv},
       eprint = {1507.03643},
 primaryClass = {astro-ph.GA},
       adsurl = {https://ui.adsabs.harvard.edu/abs/2016MNRAS.457..844F},
      adsnote = {Provided by the SAO/NASA Astrophysics Data System}
}

